<?xml version="1.0" encoding="UTF-8" ?>
<record Numero="13911267" format="InterXMarc_Complet" type="Authority">
<leader>00564c0 au22000272  45  <Pos Code="0004">00564</Pos>
<Pos Code="05" Sens="notice modifiée">c</Pos>
<Pos Code="06" Sens="notice validée par les services d&apos;autorité">0</Pos>
<Pos Code="08" Sens="notice d&apos;autorité">a</Pos>
<Pos Code="09" Sens="titre uniforme musical (TUM)">u</Pos>
<Pos Code="10">2</Pos>
<Pos Code="11">2</Pos>
<Pos Code="1216">00027</Pos>
<Pos Code="17" Sens="autres cas">2</Pos>
<Pos Code="20">4</Pos>
<Pos Code="21">5</Pos>
</leader>
<controlfield tag="001">FRBNF13911267X<Pos Code="0001">FR</Pos>
<Pos Code="0204">BNF</Pos>
<Pos Code="0512">13911267</Pos>
<Pos Code="13">X</Pos>
</controlfield>
<controlfield tag="008">890821130926yy    zz        182805                           1   <Pos Code="0001">89</Pos>
<Pos Code="0203">08</Pos>
<Pos Code="0405">21</Pos>
<Pos Code="0607">13</Pos>
<Pos Code="0809">09</Pos>
<Pos Code="1011">26</Pos>
<Pos Code="1213" Sens="ne s&apos;applique pas">yy</Pos>
<Pos Code="1820">zz </Pos>
<Pos Code="2831">1828</Pos>
<Pos Code="3233">05</Pos>
<Pos Code="61" Sens="La vedette peut être liée à une notice bibliographique sauf pour l&apos;accès matière RAMEAU">1</Pos>
</controlfield>
<datafield tag="048" ind1=" " ind2=" ">
	<subfield code="a">ka01<Pos Code="0001" Sens="clavier - piano">ka</Pos>
<Pos Code="02">0</Pos>
<Pos Code="03">1</Pos>
</subfield>
</datafield>
<datafield tag="100" ind1=" " ind2=" ">
	<subfield code="3">13899553</subfield>
	<subfield code="w"> 0  b     </subfield>
	<subfield code="a">Schubert</subfield>
	<subfield code="m">Franz</subfield>
	<subfield code="d">1797-1828</subfield>
</datafield>
<datafield tag="144" ind1="1" ind2=" ">
	<subfield code="w">....b.ger.</subfield>
	<subfield code="a">Drei Klavierstücke</subfield>
	<subfield code="k">D 946</subfield>
</datafield>
<datafield tag="302" ind1=" " ind2=" ">
	<subfield code="3">13911268</subfield>
	<subfield code="a">Schubert</subfield>
	<subfield code="m">Franz</subfield>
	<subfield code="d">1797-1828</subfield>
	<subfield code="t">[Klavierstücke. D 946, no 1. Mi bémol mineur]</subfield>
</datafield>
<datafield tag="444" ind1="1" ind2=" ">
	<subfield code="w">....b.ger.</subfield>
	<subfield code="a" Barre="2">3 pièces</subfield>
	<subfield code="b">Piano</subfield>
	<subfield code="k">D 946</subfield>
</datafield>
<datafield tag="444" ind1="1" ind2=" ">
	<subfield code="w">....b.ger.</subfield>
	<subfield code="a" Barre="2">3 Klavierstücke</subfield>
	<subfield code="k">D 946</subfield>
</datafield>
<datafield tag="600" ind1=" " ind2=" ">
	<subfield code="a">Tonalités : mi bémol mineur, mi bémol majeur, do majeur</subfield>
</datafield>
<datafield tag="610" ind1=" " ind2=" ">
	<subfield code="a">Deutsch</subfield>
</datafield>
<datafield tag="917" ind1=" " ind2=" ">
	<subfield code="o">OPC</subfield>
	<subfield code="a">100400300</subfield>
</datafield>
<datafield tag="917" ind1=" " ind2=" ">
	<subfield code="o">OPD</subfield>
	<subfield code="a">100334370</subfield>
	<subfield code="b">ATUM</subfield>
</datafield>
<datafield tag="996" ind1=" " ind2=" ">
	<subfield code="o">OPP</subfield>
	<subfield code="a">14809509</subfield>
	<subfield code="d">20130926</subfield>
</datafield>
<Alter Ori="13899553">
<datafield tag="400" ind1=" " ind2=" ">
	<subfield code="w">....b.....</subfield>
	<subfield code="a">Schubert</subfield>
	<subfield code="m">Franz Peter</subfield>
	<subfield code="d">1797-1828</subfield>
</datafield>
</Alter>
<Attr Nom="IDPerenne">ark:/12148/cb13911267d</Attr>
<Attr Nom="NumSource">OPC 100400300</Attr>
<Attr Nom="Source" Sens="BnF catalogue général (depuis 1999)">A</Attr>
<Attr Nom="NumAutoriteLiee">1389955313911268</Attr>
<Attr Nom="DateCreation">21/08/ 1989</Attr>
<Attr Nom="ResponsableCreation">MIGV2</Attr>
<Attr Nom="StructCreation">1</Attr>
<Attr Nom="DateDerniereValidation">26/09/ 2013</Attr>
<Attr Nom="ResponsableDerniereValidation">SERRES CATHERINE</Attr>
<Attr Nom="StructPremiereValidation">1</Attr>
<Attr Nom="DatePremiereValidation">21/08/ 1989</Attr>
<Attr Nom="ResponsablePremiereValidation">MIGV2</Attr>
<Attr Nom="StructDerniereValidation">82</Attr>
<Attr Nom="NumSource" Rep="1">OPD 100334370</Attr>
<Attr Nom="NumSource" Rep="2">OPP 14809509</Attr>
</record>
